hotel bookings report
content='**hotel bookings report**\n\n**introduction**\n\nthis report provides an overview of hotel bookings for the period from july 2015 to august 2017. the report includes information on total bookings, non-canceled bookings, cancellation rate, monthly revenues, country distribution, lead time distribution, average adults per booking, stay percentage, customer distribution, hotel revenue, hotel cancellations, meal distribution, average adr, booking changes distribution, and date range.\n\n**total bookings**\n\n* total bookings: 119,390\n* non-canceled bookings: 75,166\n\n**cancellation rate**\n\n* overall cancellation rate: 37.04%\n\n**monthly revenues**\n\n| year-month | total revenue |\n| --- | --- |\n| 2015-07 | 758,339.79 |\n| 2015-08 | 1,137,652.71 |\n| 2015-09 | 1,054,620.67 |\n| 2015-10 | 784,714.88 |\n| 2015-11 | 346,709.49 |\n| 2015-12 | 429,521.57 |\n| 2016-01 | 264,521.38 |\n| 2016-02 | 484,170.72 |\n| 2016-03 | 767,337.42 |\n| 2016-04 | 896,591.38 |\n| 2016-05 | 1,073,277.63 |\n| 2016-06 | 1,144,800.38 |\n| 2016-07 | 1,525,019.05 |\n| 2016-08 | 1,809,324.75 |\n| 2016-09 | 1,289,642.69 |\n| 2016-10 | 1,072,101.84 |\n| 2016-11 | 688,843.47 |\n| 2016-12 | 657,870.72 |\n| 2017-01 | 512,155.46 |\n| 2017-02 | 663,370.76 |\n| 2017-03 | 884,761.17 |\n| 2017-04 | 1,203,266.10 |\n| 2017-05 | 1,321,936.01 |\n| 2017-06 | 1,438,490.54 |\n| 2017-07 | 1,817,038.23 |\n| 2017-08 | 1,970,181.60 |\n\n**country distribution**\n\n* top 10 countries by booking percentage:\n\t+ prt: 40.70%\n\t+ gbr: 10.16%\n\t+ fra: 8.72%\n\t+ esp: 7.18%\n\t+ deu: 6.10%\n\t+ ita: 3.15%\n\t+ irl: 2.83%\n\t+ bel: 1.96%\n\t+ bra: 1.86%\n\t+ nld: 1.76%\n\n**lead time distribution**\n\n* count: 119,390\n* mean: 104.01\n* standard deviation: 106.86\n* minimum: 0\n* 25th percentile: 18\n* median: 69\n* 75th percentile: 160\n* maximum: 737\n\n**average adults per booking**\n\n* average adults per booking (all): 1.86\n* average adults per booking (non-canceled): 1.83\n\n**stay percentage**\n\n* total weekend nights: 69,827\n* total weekday nights: 69,827\n* total nights: 139,654\n* weekend percentage: 50.00%\n* weekday percentage: 50.00%\n\n**customer distribution**\n\n* transient: 75.06%\n* transient-party: 21.04%\n* contract: 3.41%\n* group: 0.48%\n\n**hotel revenue**\n\n| hotel | total revenue |\n| --- | --- |\n| city hotel | 14,394,410.18 |\n| resort hotel | 11,601,850.23 |\n\n**hotel cancellations**\n\n| hotel | cancellation rate |\n| --- | --- |\n| city hotel | 41.73% |\n| resort hotel | 27.67% |\n\n**meal distribution**\n\n* bb: 77.32%\n* hb: 12.11%\n* sc: 8.92%\n* undefined: 0.98%\n* fb: 0.67%\n\n**average adr**\n\n* average adr: 99.99\n\n**booking changes distribution**\n\n* count: 119,390\n* mean: 0.22\n* standard deviation: 0.65\n* minimum: 0\n* 25th percentile: 0\n* median: 0\n* 75th percentile: 0\n* maximum: 21\n\n**date range**\n\n* start: 2015-07-01\n* end: 2017-08-31' additional_kwargs={} response_metadata={'token_usage': {'completion_tokens': 1078, 'prompt_tokens': 4911, 'total_tokens': 5989, 'completion_time': 1.437333333, 'prompt_time': 0.197985508, 'queue_time': 0.127346543, 'total_time': 1.6353188410000001}, 'model_name': 'llama-3.1-8b-instant', 'system_fingerprint': 'fp_076aab041c', 'finish_reason': 'stop', 'logprobs': none} id='run-5718f9b8-25d9-4059-bfa8-9f30e5b8ebea-0' usage_metadata={'input_tokens': 4911, 'output_tokens': 1078, 'total_tokens': 5989}
{
    "avg_cancel_rate": 37.041628277075134,
    "country_cancellation_count": {
        "prt": 40.69855096741771,
        "gbr": 10.159142306725856,
        "fra": 8.723511181841024,
        "esp": 7.176480442248094,
        "deu": 6.10352625848061,
        "ita": 3.154368037524081,
        "irl": 2.826869922104029,
        "bel": 1.9616383281681884,
        "bra": 1.8628025797805512,
        "nld": 1.7622916492168523,
        "usa": 1.7564285116006366,
        "che": 1.4490325822933243,
        "cn": 1.071279001591423,
        "aut": 1.05787754418293,
        "swe": 0.857693274143563,
        "chn": 0.8367534969427924,
        "pol": 0.7697462099003267,
        "isr": 0.5603484378926208,
        "rus": 0.5293575676354804,
        "nor": 0.5084177904347098,
        "rou": 0.41879554401541164,
        "unknown": 0.40874445095904177,
        "fin": 0.374403216349778,
        "dnk": 0.36435212329340816,
        "aus": 0.35681380350113073,
        "ago": 0.30320797386715803,
        "lux": 0.24038864226484633,
        "mar": 0.21693609179998324,
        "tur": 0.20772258983164418,
        "hun": 0.19264595024708936,
        "arg": 0.1792444928385962,
        "jpn": 0.1650054443420722,
        "cze": 0.1432280760532708,
        "ind": 0.12731384538068516,
        "kor": 0.1113996147080995,
        "grc": 0.10721165926794538,
        "dza": 0.0862718820671748,
        "srb": 0.08459669989111317,
        "hrv": 0.08375910880308234,
        "mex": 0.07119524248261999,
        "est": 0.06952006030655833,
        "irn": 0.06952006030655833,
        "ltu": 0.0678448781304967,
        "zaf": 0.06700728704246586,
        "bgr": 0.06281933160231175,
        "nzl": 0.06198174051428093,
        "col": 0.05946896725018846,
        "ukr": 0.05695619398609599,
        "moz": 0.05611860289806516,
        "chl": 0.05444342072200352,
        "svk": 0.05444342072200352,
        "tha": 0.04941787419381857,
        "svn": 0.04774269201775693,
        "isl": 0.04774269201775693,
        "lva": 0.04606750984169528,
        "are": 0.04271714548957199,
        "cyp": 0.04271714548957199,
        "twn": 0.04271714548957199,
        "sau": 0.04020437222547952,
        "phl": 0.03350364352123293,
        "tun": 0.03266605243320211,
        "sgp": 0.03266605243320211,
        "idn": 0.029315688081078817,
        "nga": 0.028478096993047996,
        "egy": 0.026802914816986344,
        "ury": 0.026802914816986344,
        "lbn": 0.025965323728955523,
        "per": 0.024290141552893878,
        "hkg": 0.024290141552893878,
        "mys": 0.023452550464863053,
        "ecu": 0.02261495937683223,
        "ven": 0.021777368288801408,
        "blr": 0.021777368288801408,
        "cpv": 0.02010218611273976,
        "geo": 0.01842700393667811,
        "jor": 0.01758941284864729,
        "kaz": 0.015914230672585645,
        "cri": 0.015914230672585645,
        "gib": 0.015076639584554819,
        "mlt": 0.015076639584554819,
        "omn": 0.015076639584554819,
        "aze": 0.014239048496523998,
        "kwt": 0.013401457408493172,
        "mac": 0.013401457408493172,
        "qat": 0.012563866320462351,
        "irq": 0.011726275232431527,
        "dom": 0.011726275232431527,
        "pak": 0.011726275232431527,
        "bih": 0.010888684144400704,
        "mdv": 0.01005109305636988,
        "bgd": 0.01005109305636988,
        "alb": 0.01005109305636988,
        "pri": 0.01005109305636988,
        "sen": 0.009213501968339055,
        "cmr": 0.008375910880308233,
        "mkd": 0.008375910880308233,
        "bol": 0.008375910880308233,
        "pan": 0.007538319792277409,
        "gnb": 0.007538319792277409,
        "tjk": 0.007538319792277409,
        "vnm": 0.006700728704246586,
        "cub": 0.006700728704246586,
        "arm": 0.006700728704246586,
        "jey": 0.006700728704246586,
        "lby": 0.006700728704246586,
        "and": 0.005863137616215763,
        "mus": 0.005863137616215763,
        "lka": 0.005863137616215763,
        "civ": 0.00502554652818494,
        "jam": 0.00502554652818494,
        "ken": 0.00502554652818494,
        "fro": 0.004187955440154116,
        "mne": 0.004187955440154116,
        "tza": 0.004187955440154116,
        "bhr": 0.004187955440154116,
        "caf": 0.004187955440154116,
        "sur": 0.004187955440154116,
        "pry": 0.003350364352123293,
        "brb": 0.003350364352123293,
        "gtm": 0.003350364352123293,
        "uzb": 0.003350364352123293,
        "mco": 0.003350364352123293,
        "gab": 0.003350364352123293,
        "gha": 0.003350364352123293,
        "zwe": 0.003350364352123293,
        "eth": 0.00251277326409247,
        "tmp": 0.00251277326409247,
        "lie": 0.00251277326409247,
        "ggy": 0.00251277326409247,
        "syr": 0.00251277326409247,
        "ben": 0.00251277326409247,
        "glp": 0.0016751821760616465,
        "slv": 0.0016751821760616465,
        "ata": 0.0016751821760616465,
        "myt": 0.0016751821760616465,
        "abw": 0.0016751821760616465,
        "khm": 0.0016751821760616465,
        "lao": 0.0016751821760616465,
        "stp": 0.0016751821760616465,
        "zmb": 0.0016751821760616465,
        "mwi": 0.0016751821760616465,
        "imn": 0.0016751821760616465,
        "com": 0.0016751821760616465,
        "tgo": 0.0016751821760616465,
        "uga": 0.0016751821760616465,
        "kna": 0.0016751821760616465,
        "rwa": 0.0016751821760616465,
        "syc": 0.0016751821760616465,
        "kir": 0.0008375910880308232,
        "sdn": 0.0008375910880308232,
        "ncl": 0.0008375910880308232,
        "aia": 0.0008375910880308232,
        "asm": 0.0008375910880308232,
        "fji": 0.0008375910880308232,
        "atf": 0.0008375910880308232,
        "lca": 0.0008375910880308232,
        "guy": 0.0008375910880308232,
        "pyf": 0.0008375910880308232,
        "dma": 0.0008375910880308232,
        "sle": 0.0008375910880308232,
        "mrt": 0.0008375910880308232,
        "nic": 0.0008375910880308232,
        "bdi": 0.0008375910880308232,
        "plw": 0.0008375910880308232,
        "mli": 0.0008375910880308232,
        "cym": 0.0008375910880308232,
        "bfa": 0.0008375910880308232,
        "mdg": 0.0008375910880308232,
        "mmr": 0.0008375910880308232,
        "npl": 0.0008375910880308232,
        "bhs": 0.0008375910880308232,
        "umi": 0.0008375910880308232,
        "smr": 0.0008375910880308232,
        "dji": 0.0008375910880308232,
        "bwa": 0.0008375910880308232,
        "hnd": 0.0008375910880308232,
        "vgb": 0.0008375910880308232,
        "nam": 0.0008375910880308232
    },
    "total_bookings_text": "total bookings: 119390\nnon-canceled bookings: 75166",
    "cancellation_rate_text": "overall cancellation rate: 37.04%",
    "monthly_revenue_text": "monthly revenues:\n2015-07: 758339.79\n2015-08: 1137652.71\n2015-09: 1054620.67\n2015-10: 784714.88\n2015-11: 346709.49\n2015-12: 429521.57\n2016-01: 264521.38\n2016-02: 484170.72\n2016-03: 767337.42\n2016-04: 896591.38\n2016-05: 1073277.63\n2016-06: 1144800.38\n2016-07: 1525019.05\n2016-08: 1809324.75\n2016-09: 1289642.69\n2016-10: 1072101.84\n2016-11: 688843.47\n2016-12: 657870.72\n2017-01: 512155.46\n2017-02: 663370.76\n2017-03: 884761.17\n2017-04: 1203266.10\n2017-05: 1321936.01\n2017-06: 1438490.54\n2017-07: 1817038.23\n2017-08: 1970181.60",
    "country_distribution_text": "top 10 countries by booking percentage:\nprt: 40.70%\ngbr: 10.16%\nfra: 8.72%\nesp: 7.18%\ndeu: 6.10%\nita: 3.15%\nirl: 2.83%\nbel: 1.96%\nbra: 1.86%\nnld: 1.76%",
    "lead_time_dist_text": "lead time distribution:\ncount: 119390.0\nmean: 104.01141636652986\nstd: 106.86309704798794\nmin: 0.0\n25%: 18.0\n50%: 69.0\n75%: 160.0\nmax: 737.0",
    "avg_adults_text": "average adults per booking (all): 1.86\naverage adults per booking (non-canceled): 1.83",
    "stay_percentage_text": "total weekend nights: 69827\ntotal weekday nights: 69827\ntotal nights: 139654\nweekend percentage: 50.00%\nweekday percentage: 50.00%",
    "customer_distribution_text": "customer type distribution:\ntransient: 75.06%\ntransient-party: 21.04%\ncontract: 3.41%\ngroup: 0.48%",
    "total_bookings": 119390,
    "non_canceled_bookings": 75166,
    "cancellation_rate": 37.041628277075134,
    "monthly_revenues": [
        {
            "year-month": "2015-07",
            "total_revenue": 758339.79
        },
        {
            "year-month": "2015-08",
            "total_revenue": 1137652.71
        },
        {
            "year-month": "2015-09",
            "total_revenue": 1054620.67
        },
        {
            "year-month": "2015-10",
            "total_revenue": 784714.88
        },
        {
            "year-month": "2015-11",
            "total_revenue": 346709.49
        },
        {
            "year-month": "2015-12",
            "total_revenue": 429521.57
        },
        {
            "year-month": "2016-01",
            "total_revenue": 264521.38
        },
        {
            "year-month": "2016-02",
            "total_revenue": 484170.72
        },
        {
            "year-month": "2016-03",
            "total_revenue": 767337.42
        },
        {
            "year-month": "2016-04",
            "total_revenue": 896591.38
        },
        {
            "year-month": "2016-05",
            "total_revenue": 1073277.63
        },
        {
            "year-month": "2016-06",
            "total_revenue": 1144800.38
        },
        {
            "year-month": "2016-07",
            "total_revenue": 1525019.05
        },
        {
            "year-month": "2016-08",
            "total_revenue": 1809324.75
        },
        {
            "year-month": "2016-09",
            "total_revenue": 1289642.69
        },
        {
            "year-month": "2016-10",
            "total_revenue": 1072101.84
        },
        {
            "year-month": "2016-11",
            "total_revenue": 688843.47
        },
        {
            "year-month": "2016-12",
            "total_revenue": 657870.72
        },
        {
            "year-month": "2017-01",
            "total_revenue": 512155.46
        },
        {
            "year-month": "2017-02",
            "total_revenue": 663370.76
        },
        {
            "year-month": "2017-03",
            "total_revenue": 884761.17
        },
        {
            "year-month": "2017-04",
            "total_revenue": 1203266.1
        },
        {
            "year-month": "2017-05",
            "total_revenue": 1321936.01
        },
        {
            "year-month": "2017-06",
            "total_revenue": 1438490.54
        },
        {
            "year-month": "2017-07",
            "total_revenue": 1817038.23
        },
        {
            "year-month": "2017-08",
            "total_revenue": 1970181.6
        }
    ],
    "top_countries": {
        "prt": 40.69855096741771,
        "gbr": 10.159142306725856,
        "fra": 8.723511181841024,
        "esp": 7.176480442248094,
        "deu": 6.10352625848061,
        "ita": 3.154368037524081,
        "irl": 2.826869922104029,
        "bel": 1.9616383281681884,
        "bra": 1.8628025797805512,
        "nld": 1.7622916492168523
    },
    "lead_time_distribution": {
        "count": 119390.0,
        "mean": 104.01141636652986,
        "std": 106.86309704798794,
        "min": 0.0,
        "25%": 18.0,
        "50%": 69.0,
        "75%": 160.0,
        "max": 737.0
    },
    "avg_adults_all": 1.8564033838679956,
    "avg_adults_non_canceled": 1.8297368491073092,
    "stay_percentage": {
        "total_weekend_nights": "69827",
        "total_weekday_nights": "69827",
        "total_nights": "139654",
        "weekend_percentage": 50.0,
        "weekday_percentage": 50.0
    },
    "customer_distribution": {
        "transient": 75.05905017170618,
        "transient-party": 21.043638495686405,
        "contract": 3.4140212748136363,
        "group": 0.48329005779378503
    },
    "hotel_revenue": [
        {
            "hotel": "city hotel",
            "total_revenue": 14394410.18
        },
        {
            "hotel": "resort hotel",
            "total_revenue": 11601850.23
        }
    ],
    "hotel_cancellations": [
        {
            "hotel": "city hotel",
            "is_canceled": 0.41726963317786464
        },
        {
            "hotel": "resort hotel",
            "is_canceled": 0.27763354967548676
        }
    ],
    "meal_distribution": {
        "bb": 77.3180333361253,
        "hb": 12.114079906189797,
        "sc": 8.920345087528268,
        "undefined": 0.9791439819080325,
        "fb": 0.668397688248597
    },
    "avg_adr": 99.98769297288668,
    "booking_changes_distribution": {
        "count": 119390.0,
        "mean": 0.22112404724013737,
        "std": 0.6523055726747721,
        "min": 0.0,
        "25%": 0.0,
        "50%": 0.0,
        "75%": 0.0,
        "max": 21.0
    },
    "date_range": {
        "start": "2015-07-01",
        "end": "2017-08-31"
    }
}